@book{Cover2003Elements,
  title={Elements of information theory /},
  author={Cover, Thomas M and Thomas, Joy A},
  publisher={John Wiley},
  pages={1600-1601},
  year={2003},
}

@misc{Cockburn2007Method,
  title={Method and arrangement for data compression according to the LZ77 algorithm},
  author={Cockburn, Gordon and Hawes, Adrian John},
  publisher={US},
  year={2007},
}